<record><leader>00000cas a22000007a 4500</leader><controlfield tag="001">20879925</controlfield><controlfield tag="008">900112d18911935mouwr ne      0    0eng d</controlfield><datafield ind1=" " ind2=" " tag="010"><subfield code="a">sn 90061131 </subfield></datafield><datafield ind1=" " ind2=" " tag="040"><subfield code="a">MQN</subfield><subfield code="b">eng</subfield><subfield code="c">MQN</subfield><subfield code="d">OCLCQ</subfield></datafield><datafield ind1=" " ind2=" " tag="042"><subfield code="a">msc</subfield></datafield><datafield ind1="0" ind2="0" tag="245"><subfield code="a">Orrick times.</subfield></datafield><datafield ind1=" " ind2=" " tag="260"><subfield code="a">Orrick, Ray County, Mo. :</subfield><subfield code="b">Will R. Vanhoozer</subfield></datafield><datafield ind1=" " ind2=" " tag="300"><subfield code="a">v.</subfield></datafield><datafield ind1=" " ind2=" " tag="310"><subfield code="a">Weekly</subfield></datafield><datafield ind1="1" ind2=" " tag="362"><subfield code="a">Began in 1891? Ceased in 1935?</subfield></datafield><datafield ind1=" " ind2=" " tag="588"><subfield code="a">Description based on: Vol. 4, no. 15 (July 9, 1896).</subfield></datafield><datafield ind1=" " ind2="4" tag="651"><subfield code="a">Orrick (Mo.)</subfield><subfield code="v">Newspapers.</subfield></datafield><datafield ind1=" " ind2=" " tag="752"><subfield code="a">United States</subfield><subfield code="b">Missouri</subfield><subfield code="c">Ray</subfield><subfield code="d">Orrick.</subfield></datafield><datafield ind1="0" ind2="4" tag="785"><subfield code="t">Richmond Missourian</subfield><subfield code="w">(DLC)sn 84020120</subfield></datafield></record>